<?xml version="1.0" encoding="UTF-8"?><collection xmlns="http://www.loc.gov/MARC21/slim"><record><leader>00457nam--2200169-i-4500</leader><controlfield tag="001">000021582</controlfield><controlfield tag="002">20161230</controlfield><controlfield tag="005">20170205213317</controlfield><controlfield tag="008">060222s1000------------r-----000-0-eng-d</controlfield><datafield ind1=" " ind2=" " tag="100"><subfield code="a">Jayaraman, A</subfield></datafield><datafield ind1=" " ind2=" " tag="245"><subfield code="a">The structure and optical behaviour of the ceylon moonstones</subfield></datafield><datafield ind1=" " ind2=" " tag="260"><subfield code="a">Bangalore</subfield><subfield code="c">1950</subfield></datafield><datafield ind1=" " ind2=" " tag="300"><subfield code="a">/123-140/p</subfield></datafield><datafield ind1=" " ind2=" " tag="490"><subfield code="a">Memoirs Of The Raman Research Inst</subfield></datafield><datafield ind1=" " ind2=" " tag="700"><subfield code="a">Srinivasan, T. K</subfield></datafield><datafield ind1=" " ind2=" " tag="852"><subfield code="a">5958</subfield></datafield><datafield ind1=" " ind2=" " tag="CAT"><subfield code="a">SYS</subfield><subfield code="c">20170205</subfield><subfield code="h">213317</subfield></datafield></record></collection>